@book{Geurts90,
 author = {Geurts, Leo and Meertens, Lambert and Pemberton, Steven},
 title = {ABC programmer's handbook},
 year = {1990},
 isbn = {0-13-000027-2},
 publisher = {Prentice-Hall, Inc.},
 address = {Upper Saddle River, NJ, USA},
 }

@book{Roscoe+97,
 author = {Roscoe, A. W. and Hoare, C. A. R. and Bird, Richard},
 title = {The  Theory and Practice of Concurrency},
 year = {1997},
 isbn = {0136744095},
 publisher = {Prentice Hall PTR},
 address = {Upper Saddle River, NJ, USA},
 }
@PhdThesis{Martin96,
  author = 		 {J.M.R. Martin},
  title = 		 {The Design and Construction of Deadlock-Free Concurrent Systems},
  school = 		 {University of Buckingham, UK, },
  year = 		 {1996},
  OPTkey = 		 {},
  OPTtype = 	 {},
  OPTaddress = 	 {},
  OPTmonth = 	 {},
  OPTnote = 	 {},
  OPTannote = 	 {}
}




@inproceedings{Welch+99,
author = {P.H.Welch and D.C.Wood and J.Kerridge},
title = {Synchronisation {P}rimitives for {H}ighly {P}arallel {D}iscrete {E}vent {S}imulations},
month = {January},
year = {1999},
pages = {10},
keywords = {},
note = {},
url = {http://www.cs.kent.ac.uk/pubs/1999/750},
ISBN = {0-7695-0001-3},
booktitle = {Proceedings of the 32nd Hawaii International Conference on System Sciences (HICSS-32)},
editor = {R.H.Sprague Jnr},
organization = {IEEE},
publisher = {IEEE Computer Society Press},
refereed = {Yes},
}

