
@article{SugiharGupta08,
	address = {New York, NY, USA},
	author = {Sugihara, Ryo   and Gupta, Rajesh  K. },
	citeulike-article-id = {2678392},
	doi = {http://dx.doi.org/10.1145/1340771.1340774},
	issn = {1550-4859},
	journal = {{ACM Transactions on Sensor Networks}},
	keywords = {programming-model, sensor-networks, survey},
	month = {March},
	number = {2},
	pages = {1--29},
	posted-at = {2008-04-16 16:46:20},
	priority = {2},
	publisher = {ACM},
	title = {Programming models for sensor networks: A survey},
	url = {http://dx.doi.org/10.1145/1340771.1340774},
	volume = {4},
	year = {2008}
}

@article{Luo+06,
 author = {Liqian Luo and Tarek F. Abdelzaher and Tian He and John A. Stankovic},
 title = {EnviroSuite: An environmentally immersive programming framework for sensor networks},
 journal = {Trans. on Embedded Computing Sys.},
 volume = {5},
 number = {3},
 year = {2006},
 issn = {1539-9087},
 pages = {543--576},
 doi = {http://doi.acm.org/10.1145/1165780.1165782},
 publisher = {ACM Press},
 address = {New York, NY, USA},
 }

@article{Madden+05,
 author = {Samuel R. Madden and Michael J. Franklin and Joseph M. Hellerstein and Wei Hong},
 title = {TinyDB: an acquisitional query processing system for sensor networks},
 journal = {ACM Trans. Database Syst.},
 volume = {30},
 number = {1},
 year = {2005},
 issn = {0362-5915},
 pages = {122--173},
 doi = {http://doi.acm.org/10.1145/1061318.1061322},
 publisher = {ACM Press},
 address = {New York, NY, USA},
 }


@MastersThesis{Newton05,
  author = 	 {Ryan Newton},
  title = 	 {Compiling Functional Reactive Macroprograms},
  school = 	 {MIT},
  year = 	 {2005},
  OPTkey = 	 {},
  OPTtype = 	 {},
  OPTaddress = 	 {},
  OPTmonth = 	 {},
  OPTnote = 	 {},
  OPTannote = 	 {}
}

@TechReport{Elson03:cens-tr,
  author =     "Jeremy Elson and Solomon Bien and Naim Busek and
                Vladimir Bychkovskiy and Alberto Cerpa and
                Deepak Ganesan and Lewis Girod and Ben Greenstein
                and Thomas Schoellhammer and Thanos Stathopoulos
                and Deborah Estrin",
  title =      "{EmStar: An Environment for Developing Wireless
                 Embedded Systems Software}",
  institution =  {Center for Embedded Networked Sensing,
                  University of California, Los Angeles},
  year =       2003,
  number =     {CENS Technical Report 0009},
  month =      {March},
}

